<?xml version="1.0" encoding="UTF-8"?>
<record xmlns="http://www.loc.gov/MARC21/slim">
   <leader>01418cam a22003375  4500</leader>
   <controlfield tag="001">2834526</controlfield>
   <controlfield tag="003">NjP</controlfield>
   <controlfield tag="005">20190705145003.0</controlfield>
   <controlfield tag="008">991130m19601961ir            000 0 ara d</controlfield>
   <datafield tag="024" ind1="7" ind2=" ">
      <subfield code="a">princeton_aco003841</subfield>
      <subfield code="2">local</subfield>
   </datafield>
   <datafield ind1=" " ind2=" " tag="040">
      <subfield code="a">PUL</subfield>
      <subfield code="c">PUL</subfield>
      <subfield code="d">PUL</subfield>
   </datafield>
   <datafield ind1=" " ind2=" " tag="066">
      <subfield code="c">(3</subfield>
   </datafield>
   <datafield ind1=" " ind2=" " tag="035">
      <subfield code="9">CNR6938TS</subfield>
   </datafield>
   <datafield ind1=" " ind2=" " tag="035">
      <subfield code="a">(NjP)2834526</subfield>
   </datafield>
   <datafield ind1=" " ind2=" " tag="090">
      <subfield code="a">BP144</subfield>
      <subfield code="b">.B33 1960</subfield>
   </datafield>
   <datafield ind1=" " ind2=" " tag="049">
      <subfield code="a">PULL</subfield>
   </datafield>
   <datafield ind1=" " ind2=" " tag="035">
      <subfield code="a">(OCoLC)ocm42905976</subfield>
   </datafield>
   <datafield ind1="1" ind2=" " tag="100">
      <subfield code="6">880-01</subfield>
      <subfield code="a">Bihbihānī, ʻAlī ibn Muḥammad,</subfield>
      <subfield code="d">1885 or 6-</subfield>
   </datafield>
   <datafield ind1="0" ind2="3" tag="245">
      <subfield code="6">880-02</subfield>
      <subfield code="a">al-Qawāʻid al-fiqhīyah;</subfield>
      <subfield code="b">qawāʻid kullīyah wa-fawāʾid ʻāmmah min al-fiqh wa-al-uṣūl.</subfield>
   </datafield>
   <datafield ind1="0" ind2="4" tag="246">
      <subfield code="6">880-03</subfield>
      <subfield code="a">Qawāʻid al-kullīyah fī masāʾil muhimmah min al-fiqh wa-al-uṣūl</subfield>
   </datafield>
   <datafield ind1=" " ind2=" " tag="260">
      <subfield code="6">880-04</subfield>
      <subfield code="a">[Tehran] :</subfield>
      <subfield code="b">Markaz Nashr al-Kitāb,</subfield>
      <subfield code="c">1380 [1960 or 1961]</subfield>
   </datafield>
   <datafield ind1=" " ind2=" " tag="300">
      <subfield code="a">2 v.</subfield>
      <subfield code="c">22 cm.</subfield>
   </datafield>
   <datafield ind1=" " ind2=" " tag="546">
      <subfield code="a">In Arabic.</subfield>
   </datafield>
   <datafield ind1=" " ind2="0" tag="650">
      <subfield code="a">Islamic law.</subfield>
      <subfield code="0">http://id.loc.gov/authorities/subjects/sh85068454</subfield>
   </datafield>
   <datafield ind1="1" ind2=" " tag="880">
      <subfield code="6">100-01/(3/r</subfield>
      <subfield code="a">بهبهاني، علي بن محمد،</subfield>
      <subfield code="d">1885 or 6-</subfield>
   </datafield>
   <datafield ind1="0" ind2="2" tag="880">
      <subfield code="6">245-02/(3/r</subfield>
      <subfield code="a">القواعد الفقهية؛</subfield>
      <subfield code="b">قواعد كلية وفوائد عامة من الفقه والاصول.</subfield>
   </datafield>
   <datafield ind1="0" ind2="4" tag="880">
      <subfield code="6">246-03/(3/r</subfield>
      <subfield code="a">قواعد الكلية في مسائل مهمة من الفقه والاصول</subfield>
   </datafield>
   <datafield ind1=" " ind2=" " tag="880">
      <subfield code="6">260-04/(3/r</subfield>
      <subfield code="a">[طهران] :</subfield>
      <subfield code="b">مركز نشر الكتاب،</subfield>
      <subfield code="c">1380 [1960 or 1961]</subfield>
   </datafield>
   <datafield ind1=" " ind2=" " tag="911">
      <subfield code="a">20000220</subfield>
   </datafield>
   <datafield ind1=" " ind2=" " tag="994">
      <subfield code="a">C0</subfield>
      <subfield code="b">PUL</subfield>
   </datafield>
   <datafield ind1=" " ind2=" " tag="999">
      <subfield code="a">2834526</subfield>
   </datafield>
   <datafield ind1=" " ind2=" " tag="902">
      <subfield code="a">jab</subfield>
      <subfield code="b">r</subfield>
      <subfield code="6"/>
      <subfield code="7"/>
      <subfield code="d">v</subfield>
      <subfield code="f">0</subfield>
      <subfield code="e">20100714</subfield>
   </datafield>
   <datafield ind1=" " ind2=" " tag="979">
      <subfield code="a">(OCoLC)ocn178121743</subfield>
   </datafield>
   <datafield ind1="0" ind2="1" tag="852">
      <subfield code="0">3146974</subfield>
      <subfield code="b">rcppa</subfield>
      <subfield code="h">BP144</subfield>
      <subfield code="i">.B33 1960</subfield>
      <subfield code="x">tr fr nec</subfield>
   </datafield>
   <datafield ind1=" " ind2="0" tag="866">
      <subfield code="0">3146974</subfield>
      <subfield code="8">0</subfield>
      <subfield code="a">v.2</subfield>
   </datafield>
   <datafield ind1=" " ind2=" " tag="959">
      <subfield code="a">2000-12-12 15:04:42 -0400</subfield>
   </datafield>
</record>
